@book{BeckerRosemann1993,
	author={J. Becker and M. Rosemann},
	title={Logistik und CIM. Die effiziente Material- und Informationsflußgestaltung in Industrieunternehmen},
	address={Berlin \ua},
	year={1993}
}

@book{BeckerSchuette1996,
	author={Becker, J. and Schütte, R.},
	title={???},
	address={??},
	year={1996}
}

@book{BeckerSchuette2004,
	author={Becker, J. and Schütte, R.},
	title={Handelsinformationssysteme},
	edition={2},
	address={Frankfurt/Main},
	year={2004}
}

@book{Becker2002,
  title = {Wissensmanagement mit Referenzmodellen. Konzepte für die Anwendungssystem- und Organisationsgestaltung},
  publisher = {Physica-Verlag},
  year = {2002},
  editor = {Jörg Becker and Ralf Knackstedt},
  address = {Heidelberg}
} 

@incollection{Holten,
  title={Das Supply Chain Operations Reference (SCOR)-Modell},
  chapter = {2},
  pages = {207--226},
  author = {Roland Holten and Florian Melchert},
  crossref = {Becker2002}
} 

@book{Scheer1995a,
	author={A.-W. Scheer},
	title={Wirtschaftsinformatik. Referenzmodelle für industrielle Geschäftsprozesse},
	edition={5},
	address={Berlin \ua},
	year={1995}
}

@book{Scheer1995b,
	author={A.-W. Scheer},
	title={Wirtschaftsinformatik. Referenzmodelle für industrielle Geschäftsprozesse},
	edition={6},
	address={Berlin \ua},
	year={1995}
}

@article{BeckerRosemannSchuette1995,
	author={Becker, J. and Rosemann, M. and Schütte, R.},
	title={Grundsätze ordnungsgemäßer Modellierung (GoM)},
	journal={Wirtschaftsinformatik},
	volume={37},
	year={1995},
	number={4},
	pages={435--445}
}

@inbook{Milde1995,
	author={H. Milde},
	title={Handelscontrolling auf Basis von Scannerdaten},
	booktitle={Integrierte Warenwirtschaftssysteme und Handelscontrolling},
	editor={Ahlert, D. and Olbrich, R.},
	edition={2},
	address={Stuttgart},
	year={1995},
	pages={403--423}
}

@inbook{Krcmar1991,
	author={Krcmar, H.},
	title={Integration in der Wirtschaftsinformatik - Aspekte und Tendenzen},
	booktitle={Integrierte Informationssysteme},
	editor={H. Jacob and J. Becker and H. Krcmar},
	address={Wiesbaden},
	year={1991},
	series={SzU},
	number={44},
	pages={3--18}
}

@phdthesis{Rosemann1995,
	author={Rosemann, M.},
	title={Erstellung und Integration von Prozeßmodellen. Methodenspezifische Gestaltungsempfehlungen für die Informationsmodellierung},
	school={Universität Münster},
	address={Münster},
	year={1995}
}

@techreport{Holten2002,
	author={Holten, R.},
	title={The MetaMIS Approach for the Specification of Management Views on Business Processes},
	type={Arbeitsberichte des Instituts für Wirtschaftsinformatik},
	number={84},
	institution={Universität Münster},
	address={Münster},
	year={2002},
	editor={J. Becker and H.L. Grob and H. Kuchen and U. Müller-Funk and G. Vossen}
}

@techreport{Holten2002b,
	author={Holten, R.},
	title={The MetaMIS Approach for the Specification of Management Views on Business Processes},
	type={Arbeitsberichte des Instituts für Wirtschaftsinformatik},
	number={84},
	institution={Universität Münster},
	address={Münster},
	year={2002}
}

@misc{KStG1977,
	key={Körperschaftssteuergesetz},
	note={Körperschaftssteuergesetz (KStG 1977) vom 31.08.1976. BGBl I}
}

@misc{Kargermann1995,
	author={H. Kargermann},
	title={Accounting as a Management Tool},
	URL={http://www.sap.com/events/event4.htm},
	urldate={1996-02-12},
	year={1995}
}
@misc{Gewirtz1972,
  author = 	 {C. Gewirtz},
  title = 	 {Eurobonds},
  howpublished = {In: Herald Tribune. Nr.~27--880, 1972-08-04, S.~9}
}
@inbook{OV1993,
	author={\OV},
	title={Aufwandskonten (AK)},
	booktitle={Wirtschafts-Lexikon},
	editor={Gabler \ua},
	edition={13},
	address={Wiesbaden},
	year={1993},
	pages={238}
}
@InBook{OV1983,
  author =   {\OV},
  editor = 	 {Dudenredaktion},
  title = 	 {Plagiat},
  booktitle= {Der kleine Duden\,--\,Fremdwörterbuch},
  year = 	 {1983},
  edition = 	 {2},
  address={Mannheim \ua}
}



